@inproceedings{henderson2009solving,
  title={{Solving 8x8 Hex}},
  author={Henderson, P. and Arneson, B. and Hayward, R.B.},
  booktitle={Proceedings of the 21st International Joint Conference on Artificial Intelligence (IJCAI '09)(ed. C. Boutilier)},
  pages={505--510},
  year={2009}
}

@article{anshelevich2002hierarchical,
  title={{A Hierarchical Approach to Computer Hex}},
  author={Anshelevich, V.V.},
  journal={Artificial Intelligence},
  volume={134},
  number={1-2},
  pages={101--120},
  year={2002},
  publisher={Elsevier}
}

@article{brugmann1993monte,
  title={{Monte Carlo Go}},
  author={Br\"{u}gmann, B.},
  journal={White paper},
  year={1993},
  publisher={Citeseer}
}

@inproceedings{gelly2006exploration,
  title={{Exploration Exploitation in Go: UCT for Monte-Carlo Go}},
  author={Gelly, S. and Wang, Y.},
  booktitle={Twentieth Annual Conference on Neural Information Processing Systems (NIPS 2006)},
  year={2006},
  organization={Citeseer}
}

@article{gelly2006modification,
  title={{Modification of UCT with Patterns in Monte-Carlo Go}},
  author={Gelly, S. and Wang, Y. and Munos, R. and Teytaud, O.},
  year={2006},
  institution={Citeseer}
}

@inproceedings{gelly2007combining,
  title={{Combining Online and Offline Knowledge in UCT}},
  author={Gelly, S. and Silver, D.},
  booktitle={Proceedings of the 24th international conference on Machine learning},
  pages={273--280},
  year={2007},
  organization={ACM}
}

@article{chaslot2008progressive,
  title={{Progressive Strategies for Monte-Carlo Tree Search}},
  author={Chaslot, GMJ and Winands, M.H.M. and Herik, H. and Uiterwijk, J. and Bouzy, B.},
  journal={New Mathematics and Natural Computation},
  volume={4},
  number={3},
  pages={343},
  year={2008},
  publisher={Citeseer}
}

@inproceedings{gelly2008achieving,
  title={{Achieving Master Level Play in 9x9 Computer Go}},
  author={Gelly, S. and Silver, D.},
  booktitle={Proceedings of AAAI},
  pages={1537--1540},
  year={2008}
}

@inproceedings{silver2009monte,
  title={{Monte-Carlo Simulation Balancing}},
  author={Silver, D. and Tesauro, G.},
  booktitle={Proceedings of the 26th Annual International Conference on Machine Learning},
  pages={945--952},
  year={2009},
  organization={ACM}
}

@inproceedings{helmbold2009all,
  title={{All-Moves-As-First Heuristics in Monte-Carlo Go}},
  author={Helmbold, D.P. and Parker-Wood, A.},
  booktitle={Proceedings of the 2009 International Conference on Artificial Intelligence, ICAI},
  pages={605--610},
  year={2009}
}

@article{chaslot2010adding,
  title={{Adding Expert Knowledge and Exploration in Monte-Carlo Tree Search}},
  author={Chaslot, G. and Fiter, C. and Hoock, J.B. and Rimmel, A. and Teytaud, O.},
  journal={Advances in Computer Games},
  pages={1--13},
  year={2010},
  publisher={Springer}
}

@misc{Beyer:2007,
	author={Beyer, H.},
	title={{Evolution Strategies}},
	year={2007},
	howpublished="\url{http://www.scholarpedia.org/article/Evolution_strategies}",
}

@book{eberhart2007computational,
  title={{Computational Intelligence: Concepts to Implementations}},
  author={Eberhart, R.C. and Shi, Y.},
  year={2007},
  publisher={Morgan Kaufmann}
}

@misc{mohex,
  title={{MoHex Source Code}},
  author={{Computer Hex Group at the University of Alberta}},
  howpublished="\url{http://benzene.sourceforge.net/}"
}
